@misc{website,
  author       = {Website},
  title        = {Example website},
  howpublished = {\url{https://example.com}},
  year         = {2024},
  note         = {Accessed: \today},
  language     = {Slovak},
}